<collection xmlns="http://www.loc.gov/MARC21/slim">
<record>
  <leader>02815nam0a2200445 i 450 </leader>
  <controlfield tag="001">IT\ICCU\CNCE\019411</controlfield>
  <controlfield tag="005">20060821000000.0</controlfield>
  <datafield tag="012" ind1=" " ind2=" ">
    <subfield code="a">o-st m,62 i-e- ilno (3) 1590 (R)</subfield>
    <subfield code="2">fei</subfield>
  </datafield>
  <datafield tag="100" ind1=" " ind2=" ">
    <subfield code="a">19970101d1590        0itac0103    ba</subfield>
  </datafield>
  <datafield tag="101" ind1=" " ind2=" ">
    <subfield code="a">LAT</subfield>
  </datafield>
  <datafield tag="102" ind1=" " ind2=" ">
    <subfield code="a">IT</subfield>
  </datafield>
  <datafield tag="200" ind1="1" ind2=" ">
    <subfield code="a">Practica criminalis dialogica, dom. Petri Follerii iurisconsulti clarissimi patricii Sancti Seuerini, plurimum aucta ab eodem auctore, miroque ordine secundum regias constitutiones, capitula, pragmaticas, ac ritus digesta. Nunc postremo omnibus uitiis, summa diligentia repurgata. Cum summarijs, et indice copiosissimo</subfield>
  </datafield>
  <datafield tag="210" ind1=" " ind2=" ">
    <subfield code="a">Venetiis</subfield>
    <subfield code="c">apud Marcum Antonium Zalterium</subfield>
    <subfield code="d">1590</subfield>
  </datafield>
  <datafield tag="215" ind1=" " ind2=" ">
    <subfield code="a">\48!, 400 p.</subfield>
    <subfield code="d">4ʻ</subfield>
  </datafield>
  <datafield tag="620" ind1=" " ind2=" ">
    <subfield code="a">IT</subfield>
    <subfield code="d">Venezia</subfield>
  </datafield>
  <datafield tag="700" ind1=" " ind2="1">
    <subfield code="a">Follerio,</subfield>
    <subfield code="b">Pietro</subfield>
    <subfield code="3">IT\ICCU\CNCA\005467</subfield>
  </datafield>
  <datafield tag="712" ind1="0" ind2="0">
    <subfield code="a">Zaltieri, Marcantonio</subfield>
    <subfield code="3">IT\ICCU\CNCT\000631</subfield>
    <subfield code="4">650</subfield>
  </datafield>
  <datafield tag="790" ind1=" " ind2="1">
    <subfield code="a">Follerius,</subfield>
    <subfield code="b">Petrus</subfield>
    <subfield code="3">IT\ICCU\CNCA\019216</subfield>
    <subfield code="z">Follerio, Pietro</subfield>
  </datafield>
  <datafield tag="791" ind1="0" ind2="0">
    <subfield code="a">Zalterius, Marcus Antonius</subfield>
    <subfield code="3">IT\ICCU\CNCT\004177</subfield>
    <subfield code="z">Zaltieri, Marcantonio</subfield>
  </datafield>
  <datafield tag="801" ind1=" " ind2="3">
    <subfield code="a">IT</subfield>
    <subfield code="b">ICCU</subfield>
    <subfield code="c">20201114</subfield>
  </datafield>
  <datafield tag="899" ind1=" " ind2=" ">
    <subfield code="a">Biblioteca comunale Matteo Renato Imbriani. Corato</subfield>
    <subfield code="1">BA0090</subfield>
    <subfield code="2">BA1 23</subfield>
  </datafield>
  <datafield tag="899" ind1=" " ind2=" ">
    <subfield code="a">Biblioteca del Seminario maggiore. Bressanone</subfield>
    <subfield code="1">BZ0013</subfield>
    <subfield code="2">ZBZ 05</subfield>
  </datafield>
  <datafield tag="899" ind1=" " ind2=" ">
    <subfield code="a">Biblioteca Giovardiana. Veroli</subfield>
    <subfield code="1">FR0072</subfield>
    <subfield code="2">RMS G1</subfield>
  </datafield>
  <datafield tag="899" ind1=" " ind2=" ">
    <subfield code="a">Biblioteca statale del Monumento nazionale di Montecassino. Cassino</subfield>
    <subfield code="1">FR0084</subfield>
    <subfield code="2">RML 25</subfield>
  </datafield>
  <datafield tag="899" ind1=" " ind2=" ">
    <subfield code="a">Biblioteca dell&apos;Istituto di diritto romano della Facolt ̉di giurisprudenza dell&apos;Universit ̉degli studi di Macerata. Macerata</subfield>
    <subfield code="1">MC0178</subfield>
    <subfield code="2">UMC RO</subfield>
  </datafield>
  <datafield tag="899" ind1=" " ind2=" ">
    <subfield code="a">Biblioteca provinciale Tommaso Stigliani. Matera</subfield>
    <subfield code="1">MT0029</subfield>
    <subfield code="2">BAS 01</subfield>
  </datafield>
  <datafield tag="899" ind1=" " ind2=" ">
    <subfield code="a">Biblioteca universitaria. Napoli</subfield>
    <subfield code="1">NA0070</subfield>
    <subfield code="2">NAP BU</subfield>
  </datafield>
  <datafield tag="899" ind1=" " ind2=" ">
    <subfield code="a">Biblioteca comunale. Palermo</subfield>
    <subfield code="1">PA0063</subfield>
    <subfield code="2">PA1 CP</subfield>
  </datafield>
  <datafield tag="899" ind1=" " ind2=" ">
    <subfield code="a">Biblioteca centrale della Regione siciliana Alberto Bombace. Palermo</subfield>
    <subfield code="1">PA0064</subfield>
    <subfield code="2">PAL BP</subfield>
  </datafield>
  <datafield tag="899" ind1=" " ind2=" ">
    <subfield code="a">Biblioteca comunale. Assisi</subfield>
    <subfield code="1">PG0001</subfield>
    <subfield code="2">UM1 10</subfield>
  </datafield>
  <datafield tag="899" ind1=" " ind2=" ">
    <subfield code="a">Biblioteca S. Basilio del Seminario arcivescovile. Perugia</subfield>
    <subfield code="1">PG0146</subfield>
    <subfield code="2">UM1 45</subfield>
  </datafield>
  <datafield tag="899" ind1=" " ind2=" ">
    <subfield code="a">Biblioteca comunale Forteguerriana. Pistoia</subfield>
    <subfield code="1">PT0025</subfield>
    <subfield code="2">RT1 IE</subfield>
  </datafield>
  <datafield tag="899" ind1=" " ind2=" ">
    <subfield code="a">Biblioteca universitaria. Pavia</subfield>
    <subfield code="1">PV0291</subfield>
    <subfield code="2">MIL UP</subfield>
  </datafield>
  <datafield tag="899" ind1=" " ind2=" ">
    <subfield code="a">Biblioteca comunale Gaetano Baccari. Lendinara</subfield>
    <subfield code="1">RO0031</subfield>
    <subfield code="2">ROV LE</subfield>
  </datafield>
  <datafield tag="899" ind1=" " ind2=" ">
    <subfield code="a">Biblioteca centrale E.R. Caianiello Centro di servizio di Ateneo per le biblioteche dell&apos;Universit ̉degli studi di Salerno. Fondo Ventimiglia. Fisciano</subfield>
    <subfield code="1">SA0186</subfield>
    <subfield code="2">ZSA 10</subfield>
  </datafield>
  <datafield tag="899" ind1=" " ind2=" ">
    <subfield code="a">Biblioteca provinciale Melchiorre Delfico. Teramo</subfield>
    <subfield code="1">TE0024</subfield>
    <subfield code="2">ABR R1</subfield>
  </datafield>
  <datafield tag="899" ind1=" " ind2=" ">
    <subfield code="a">Nuova biblioteca pubblica Luigi Fumi. Orvieto</subfield>
    <subfield code="1">TR0022</subfield>
    <subfield code="2">UM1 06</subfield>
  </datafield>
  <datafield tag="899" ind1=" " ind2=" ">
    <subfield code="a">Biblioteca nazionale Marciana. Venezia</subfield>
    <subfield code="1">VE0049</subfield>
    <subfield code="2">VEA BM</subfield>
  </datafield>
  <datafield tag="911" ind1=" " ind2=" ">
    <subfield code="a">Sul front.</subfield>
    <subfield code="9">IT\ICCU\CNCM\000407</subfield>
  </datafield>
  <datafield tag="921" ind1=" " ind2=" ">
    <subfield code="a">IT\ICCU\CNCM\000407</subfield>
    <subfield code="b">Struzzo tiene nel becco un ferro di cavallo. In cornice</subfield>
    <subfield code="e">Nil durum indigestum.</subfield>
    <subfield code="c">Q67</subfield>
    <subfield code="c">Z1149</subfield>
    <subfield code="d">Dimensioni: 5 x 6</subfield>
    <subfield code="f">FERRO</subfield>
    <subfield code="f">NILDURUMIN</subfield>
    <subfield code="f">STRUZZO</subfield>
    <subfield code="g">1582-1599</subfield>
  </datafield>
</record>
</collection>
